<record><leader>00000cas a2200000 a 4500</leader><controlfield tag="001">14051946</controlfield><controlfield tag="008">860806d1880188utxudn ne      0    0eng c</controlfield><datafield ind1=" " ind2=" " tag="010"><subfield code="a">sn 86088136 </subfield></datafield><datafield ind1=" " ind2=" " tag="040"><subfield code="a">PPM</subfield><subfield code="b">eng</subfield><subfield code="c">PPM</subfield><subfield code="d">OCL</subfield><subfield code="d">CUS</subfield><subfield code="d">OCLCQ</subfield><subfield code="d">OCLCF</subfield><subfield code="d">OCLCO</subfield><subfield code="d">IUL</subfield></datafield><datafield ind1=" " ind2=" " tag="019"><subfield code="a">298852237</subfield></datafield><datafield ind1=" " ind2=" " tag="042"><subfield code="a">pcc</subfield></datafield><datafield ind1=" " ind2=" " tag="043"><subfield code="a">n-us-tx</subfield></datafield><datafield ind1="0" ind2="4" tag="245"><subfield code="a">The daily cosmopolitan.</subfield></datafield><datafield ind1=" " ind2=" " tag="260"><subfield code="a">Brownsville, Tex. :</subfield><subfield code="b">St. Clair &amp; Guirey</subfield></datafield><datafield ind1=" " ind2=" " tag="300"><subfield code="a">v. :</subfield><subfield code="b">ill. (chiefly advertisements) ;</subfield><subfield code="c">50 cm.</subfield></datafield><datafield ind1=" " ind2=" " tag="310"><subfield code="a">Daily (except Sun.)</subfield></datafield><datafield ind1="0" ind2=" " tag="362"><subfield code="a">Vol. 1, no. 1 (June 1, 1880)-</subfield></datafield><datafield ind1=" " ind2=" " tag="588"><subfield code="a">Description based on: Volume VI, number 1 (August 19, 1881); title from masthead, Readex PDF, viewed June 2, 2016.</subfield></datafield><datafield ind1=" " ind2=" " tag="588"><subfield code="a">Latest issue consulted: Volumn VI, number 309 (August 18, 1885).</subfield></datafield><datafield ind1=" " ind2="0" tag="651"><subfield code="a">Brownsville (Tex.)</subfield><subfield code="v">Newspapers.</subfield></datafield><datafield ind1=" " ind2="7" tag="651"><subfield code="a">Texas</subfield><subfield code="z">Brownsville.</subfield><subfield code="2">fast</subfield><subfield code="0">(OCoLC)fst01208100</subfield></datafield><datafield ind1=" " ind2="7" tag="655"><subfield code="a">Newspapers.</subfield><subfield code="2">fast</subfield><subfield code="0">(OCoLC)fst01423814</subfield></datafield><datafield ind1=" " ind2=" " tag="752"><subfield code="a">United States</subfield><subfield code="b">Texas</subfield><subfield code="c">Cameron</subfield><subfield code="d">Brownsville.</subfield></datafield><datafield ind1="0" ind2="8" tag="776"><subfield code="i">Online version:</subfield><subfield code="t">Daily cosmopolitan</subfield><subfield code="w">(OCoLC)664615107</subfield></datafield><datafield ind1="0" ind2="4" tag="785"><subfield code="t">Daily herald (Brownsville, Tex. : 1892)</subfield><subfield code="x">1946-522X</subfield><subfield code="w">(DLC)sn 86089174</subfield><subfield code="w">(OCoLC)13107779</subfield></datafield></record>